<record xmlns="http://www.loc.gov/MARC21/slim" xmlns:xsi="http://www.w3.org/2001/XMLSchema-instance" xsi:schemaLocation="http://www.loc.gov/MARC21/slim http://www.loc.gov/standards/marcxml/schema/MARC21slim.xsd"><leader>02346nam a2200409   4500</leader><controlfield tag="001">3068072</controlfield><controlfield tag="003">NNC</controlfield><controlfield tag="006">m        d        </controlfield><controlfield tag="007">cr cn |||m|||a</controlfield><controlfield tag="008">150110s1894    ua      o     000 0 araod</controlfield><datafield ind1=" " ind2=" " tag="040"><subfield code="a">NNU</subfield><subfield code="b">eng</subfield><subfield code="c">NNU</subfield></datafield><datafield ind1=" " ind2=" " tag="043"><subfield code="a">ar-----</subfield></datafield><datafield ind1="1" ind2=" " tag="100"><subfield code="6">880-01</subfield><subfield code="a">Qalu&#772;s&#803;ani&#772;, &#699;Umar Nu&#772;r al-Di&#772;n.</subfield></datafield><datafield ind1="1" ind2="0" tag="245"><subfield code="6">880-02</subfield><subfield code="a">Kita&#772;b al-nafh&#803;ah al-mulu&#772;ki&#772;yah fi&#772; ah&#803;wa&#772;l al-Ummah al-&#699;Arabi&#772;yah</subfield><subfield code="h">[electronic resource] /</subfield><subfield code="c">ta&#700;li&#772;f &#699;Umar Nu&#772;r al-Di&#772;n al-Qalu&#772;s&#803;a&#772;ni&#772; al-Azhari&#772;.</subfield></datafield><datafield ind1="3" ind2=" " tag="246"><subfield code="6">880-03</subfield><subfield code="a">Nafh&#803;ah al-mulu&#772;ki&#772;yah fi&#772; ah&#803;wa&#772;l al-ummah al-&#699;Arabi&#772;yah al-Ja&#772;hili&#772;yah</subfield></datafield><datafield ind1=" " ind2=" " tag="250"><subfield code="6">880-04</subfield><subfield code="a">al-T&#803;ab&#699;ah 1.</subfield></datafield><datafield ind1=" " ind2=" " tag="260"><subfield code="6">880-05</subfield><subfield code="a">Mis&#803;r :</subfield><subfield code="b">Mat&#803;ba&#699;at al-Muhandis,</subfield><subfield code="c">[1894]</subfield></datafield><datafield ind1=" " ind2=" " tag="300"><subfield code="a">online resource (196, 4 p.)</subfield></datafield><datafield ind1=" " ind2=" " tag="500"><subfield code="a">Part of the Arabic Collections Online (ACO) project, contributed by Columbia University Libraries.</subfield></datafield><datafield ind1=" " ind2=" " tag="533"><subfield code="a">Electronic reproduction.</subfield><subfield code="b">New York, N.Y. :</subfield><subfield code="c">New York University,</subfield><subfield code="d">2015.</subfield><subfield code="5">NNU</subfield></datafield><datafield ind1=" " ind2="0" tag="650"><subfield code="a">Arabs</subfield><subfield code="x">History.</subfield></datafield><datafield ind1=" " ind2="0" tag="651"><subfield code="a">Arabian Peninsula</subfield><subfield code="x">History.</subfield></datafield><datafield ind1=" " ind2="7" tag="650"><subfield code="a">Arabs.</subfield><subfield code="2">fast</subfield><subfield code="0">(OCoLC)fst00812576</subfield></datafield><datafield ind1=" " ind2="7" tag="651"><subfield code="a">Arabian Peninsula.</subfield><subfield code="2">fast</subfield><subfield code="0">(OCoLC)fst01240131</subfield></datafield><datafield ind1=" " ind2="7" tag="655"><subfield code="a">History.</subfield><subfield code="2">fast</subfield><subfield code="0">(OCoLC)fst01411628</subfield></datafield><datafield ind1="2" ind2=" " tag="710"><subfield code="a">Columbia University.</subfield><subfield code="b">Libraries.</subfield></datafield><datafield ind1="0" ind2=" " tag="730"><subfield code="a">Arabic Collections Online.</subfield></datafield><datafield ind1="0" ind2="8" tag="776"><subfield code="i">Online version:</subfield><subfield code="a">Qalu&#772;s&#803;ani&#772;, &#699;Umar Nu&#772;r al-Di&#772;n.</subfield><subfield code="t">Kita&#772;b al-nafh&#803;ah al-mulu&#772;ki&#772;yah fi&#772; ah&#803;wa&#772;l al-Ummah al-&#699;Arabi&#772;yah.</subfield><subfield code="b">al-T&#803;ab&#699;ah 1.</subfield><subfield code="d">Mis&#803;r : Mat&#803;ba&#699;at al-Muhandis, [1894]</subfield><subfield code="w">(OCoLC)555500938</subfield></datafield><datafield ind1="0" ind2="8" tag="776"><subfield code="i">Print version:</subfield><subfield code="a">Qalu&#772;s&#803;ani&#772;, &#699;Umar Nu&#772;r al-Di&#772;n.</subfield><subfield code="t">Kita&#772;b al-nafh&#803;ah al-mulu&#772;ki&#772;yah fi&#772; ah&#803;wa&#772;l al-Ummah al-&#699;Arabi&#772;yah</subfield><subfield code="w">(NNC)3068072</subfield><subfield code="w">(OCoLC)41102179</subfield></datafield><datafield ind1="4" ind2="0" tag="856"><subfield code="u">http://hdl.handle.net/2333.1/3xsj3wp8</subfield></datafield><datafield ind1="1" ind2=" " tag="880"><subfield code="6">100-01/r</subfield><subfield code="a">&#1602;&#1604;&#1608;&#1589;&#1606;&#1610;&#1548; &#1593;&#1605;&#1585; &#1606;&#1608;&#1585; &#1575;&#1604;&#1583;&#1610;&#1606;.</subfield></datafield><datafield ind1="1" ind2="0" tag="880"><subfield code="6">245-02/r</subfield><subfield code="a">&#1603;&#1578;&#1575;&#1576; &#1575;&#1604;&#1606;&#1601;&#1581;&#1577; &#1575;&#1604;&#1605;&#1604;&#1608;&#1603;&#1610;&#1577; &#1601;&#1610; &#1571;&#1581;&#1608;&#1575;&#1604; &#1575;&#1604;&#1571;&#1605;&#1577; &#1575;&#1604;&#1593;&#1585;&#1576;&#1610;&#1577; &#1575;&#1604;&#1580;&#1575;&#1607;&#1604;&#1610;&#1577; /</subfield><subfield code="c">&#1578;&#1571;&#1604;&#1610;&#1601;  &#1593;&#1605;&#1585; &#1606;&#1608;&#1585; &#1575;&#1604;&#1583;&#1610;&#1606; &#1575;&#1604;&#1602;&#1604;&#1608;&#1589;&#1606;&#1610; &#1575;&#1604;&#1571;&#1586;&#1607;&#1585;&#1610;..</subfield></datafield><datafield ind1="3" ind2="0" tag="880"><subfield code="6">246-03/r</subfield><subfield code="a">&#1606;&#1601;&#1581;&#1577; &#1575;&#1604;&#1605;&#1604;&#1608;&#1603;&#1610;&#1577; &#1601;&#1610; &#1571;&#1581;&#1608;&#1575;&#1604; &#1575;&#1604;&#1571;&#1605;&#1577; &#1575;&#1604;&#1593;&#1585;&#1576;&#1610;&#1577; &#1575;&#1604;&#1580;&#1575;&#1607;&#1604;&#1610;&#1577;.</subfield></datafield><datafield ind1=" " ind2=" " tag="880"><subfield code="6">250-04/r</subfield><subfield code="a">&#1575;&#1604;&#1591;&#1576;&#1593;&#1577; &#1633;..</subfield></datafield><datafield ind1=" " ind2=" " tag="880"><subfield code="6">260-05/r</subfield><subfield code="a">&#1605;&#1589;&#1585; :</subfield><subfield code="b">&#1605;&#1591;&#1576;&#1593;&#1577; &#1575;&#1604;&#1605;&#1607;&#1606;&#1583;&#1587;&#1548;</subfield><subfield code="c">1311 [i.e. 1894].</subfield></datafield><datafield ind1=" " ind2=" " tag="959"><subfield code="a">NNU</subfield><subfield code="b">WEB</subfield><subfield code="c">GENI</subfield><subfield code="t">0</subfield><subfield code="m">Electronic access</subfield><subfield code="s">01</subfield></datafield><datafield ind1=" " ind2=" " tag="999"><subfield code="i">NNC_3068072</subfield><subfield code="o">(OCoLC)41102179</subfield></datafield></record>